@article{Anderson,
    author = "Neddermeyer, S.H. and Anderson, C.D.",
    title = "{Note on the Nature of Cosmic Ray Particles}",
    doi = "10.1103/PhysRev.51.884",
    journal = "Phys. Rev.",
    volume = "51",
    pages = "884--886",
    year = "1937"
}

@article{Pontecorvo,
    author = "Pontecorvo, B.",
    title = "{Nuclear capture of mesons and the meson decay}",
    doi = "10.1103/PhysRev.72.246",
    journal = "Phys. Rev.",
    volume = "72",
    pages = "246",
    year = "1947"
}

@inproceedings{ConvPancPicc,
    author = "Piccioni, O.",
    title = "{The Observation of the Leptonic Nature of the 'Mesotron' by Conversi, Pancini, and Piccioni}",
    booktitle = "{1st International Symposium on the History of Particle Physics}",
    pages = "222--241",
    month = "1",
    year = "1980"
}

@article{Petcov,
    author = "Petcov, S.T.",
    title = "{The Processes mu --> e Gamma, mu --> e e anti-e, Neutrino' --> Neutrino gamma in the Weinberg-Salam Model with Neutrino Mixing}",
    reportNumber = "JINR-E2-10176, JINR-P2-9595",
    journal = "Sov. J. Nucl. Phys.",
    volume = "25",
    pages = "340",
    year = "1977",
    note = "[Erratum: Sov.J.Nucl.Phys. 25, 698 (1977), Erratum: Yad.Fiz. 25, 1336 (1977)]"
}

@article{PDG,
  title = {Review of Particle Physics},
  author = {Tanabashi, M. and Hagiwara, K. and others},
  collaboration = {Particle Data Group},
  journal = {Phys. Rev. D},
  volume = {98},
  issue = {3},
  pages = {030001},
  numpages = {1898},
  year = {2018},
  month = {Aug},
  publisher = {American Physical Society},
  doi = {10.1103/PhysRevD.98.030001},
  url = {https://link.aps.org/doi/10.1103/PhysRevD.98.030001}
}

@article{mu2e_proposal,
    author = "Carey, R.M. and others",
    collaboration = "Mu2e",
    title = "{Proposal to search for $\mu^- N \to e^- N$ with a single event sensitivity below $10^{-16}$}",
    reportNumber = "FERMILAB-PROPOSAL-0973",
    doi = "10.2172/952028",
    month = "10",
    year = "2008"
}

@article{MTDR,
    author = "Bartoszek, L. and others",
    collaboration = "Mu2e",
    title = "{Mu2e Technical Design Report}",
    eprint = "1501.05241",
    archivePrefix = "arXiv",
    primaryClass = "physics.ins-det",
    reportNumber = "FERMILAB-TM-2594, FERMILAB-DESIGN-2014-01",
    doi = "10.2172/1172555",
    month = "10",
    year = "2014"
}


@Article{CD3,
	author = "Gaponenko, Andrei",
	title = "CD3 backgrounds",
	collaboration = "Mu2e",
	journal = "Mu2e-doc-7464-v13",
	year = "2017",
}


@Article{RPC_now,
	author = {S. Middleton and  L. Borrel},
	title = "Calculating Out-of-Time RPC Backgrounds in Mu2e",
	collaboration = "Mu2e",
	journal = "Mu2e-doc-35059-v2",
	month = "August",	
	year = "2020",
}

@Article{CRV_now,
	author = "Oksuzian, Yuri and others",
	title = "Cosmic Background Simulation Updates",
	collaboration = "Mu2e",
	journal = "Mu2e-doc-33821-v2",
	month = "June",	
	year = "2020",
}



@article{Mu2e_II:2018,
    author = "Abusalma, F. and others",
    collaboration = "Mu2e",
    title = "{Expression of Interest for Evolution of the Mu2e Experiment}",
    eprint = "1802.02599",
    archivePrefix = "arXiv",
    primaryClass = "physics.ins-det",
    reportNumber = "FERMILAB-FN-1052, FERMILAB-EOI-2018-01",
    month = "2",
    year = "2018"
}

@article{PIP_II:2018,
    author = "Neuffer, David",
    title = "{Mu2e-II Injection from PIP-II}",
    reportNumber = "FERMILAB-TM-2677-AD-APC",
    doi = "10.2172/1437287",
    month = "4",
    year = "2018"
}

@article{Signorelli,
    author = "Calibbi, Lorenzo and Signorelli, Giovanni",
    title = "{Charged Lepton Flavour Violation: An Experimental and Theoretical Introduction}",
    eprint = "1709.00294",
    archivePrefix = "arXiv",
    primaryClass = "hep-ph",
    doi = "10.1393/ncr/i2018-10144-0",
    journal = "Riv. Nuovo Cim.",
    volume = "41",
    number = "2",
    pages = "71--174",
    year = "2018"
}

@article{bob_mu2e,
    author = "Bernstein, R.H.",
    collaboration = "Mu2e",
    title = "{The Mu2e Experiment}",
    eprint = "1901.11099",
    archivePrefix = "arXiv",
    primaryClass = "physics.ins-det",
    reportNumber = "FERMILAB-PUB-18-424-PPD",
    doi = "10.3389/fphy.2019.00001",
    journal = "Front. in Phys.",
    volume = "7",
    pages = "1",
    year = "2019"
}

@article{Manolis,
    author = "Kargiantoulakis, Manolis",
    title = "{A Search for Charged Lepton Flavor Violation in the Mu2e Experiment}",
    eprint = "2003.12678",
    archivePrefix = "arXiv",
    primaryClass = "hep-ex",
    reportNumber = "FERMILAB-PUB-19-617-E",
    doi = "10.1142/S0217732320300074",
    journal = "Mod. Phys. Lett. A",
    volume = "35",
    number = "19",
    pages = "2030007",
    year = "2020"
}

@article{bob_cflv,
    author = "Bernstein, Robert H. and Cooper, Peter S.",
    title = "{Charged Lepton Flavor Violation: An Experimenter's Guide}",
    eprint = "1307.5787",
    archivePrefix = "arXiv",
    primaryClass = "hep-ex",
    reportNumber = "FERMILAB-PUB-13-259-PPD",
    doi = "10.1016/j.physrep.2013.07.002",
    journal = "Phys. Rept.",
    volume = "532",
    pages = "27--64",
    year = "2013"
}

@article{Measday:1987,
    author = "Suzuki, T. and Measday, David F. and Roalsvig, J.P.",
    title = "{Total Nuclear Capture Rates for Negative Muons}",
    reportNumber = "TRI-PP-87-5",
    doi = "10.1103/PhysRevC.35.2212",
    journal = "Phys. Rev. C",
    volume = "35",
    pages = "2212",
    year = "1987"
}

@article{Measday:2001,
    author = "Measday, D.F.",
    title = "{The nuclear physics of muon capture}",
    doi = "10.1016/S0370-1573(01)00012-6",
    journal = "Phys. Rept.",
    volume = "354",
    pages = "243--409",
    year = "2001"
}

@article{Yoshitaka,
    author = "Kuno, Yoshitaka and Okada, Yasuhiro",
    title = "{Muon decay and physics beyond the standard model}",
    eprint = "hep-ph/9909265",
    archivePrefix = "arXiv",
    reportNumber = "KEK-PREPRINT-99-69, KEK-TH-639",
    doi = "10.1103/RevModPhys.73.151",
    journal = "Rev. Mod. Phys.",
    volume = "73",
    pages = "151--202",
    year = "2001"
}

@article{TWIST:2020,
    author = "Gaponenko, A. and Grossheim, A. and Hillairet, A. and Marshall, G.M. and Mischke, R.E. and Olin, A.",
    title = "{Charged-particle spectra from $\mu^{-}$ capture on Al}",
    eprint = "1908.06902",
    archivePrefix = "arXiv",
    primaryClass = "hep-ex",
    reportNumber = "FERMILAB-PUB-19-433-E",
    doi = "10.1103/PhysRevC.101.035502",
    journal = "Phys. Rev. C",
    volume = "101",
    number = "3",
    pages = "035502",
    year = "2020"
}

@article{SINDRUM,
    author = "Bertl, Wilhelm H. and others",
    collaboration = "SINDRUM",
    title = "{Search for the Decay $\mu^+ \to e^+ e^+ e^-$}",
    reportNumber = "SIN-PR-85-06",
    doi = "10.1016/0550-3213(85)90308-6",
    journal = "Nucl. Phys. B",
    volume = "260",
    pages = "1--31",
    year = "1985"
}

@article{SINDRUMII,
    author = "Bertl, Wilhelm H. and others",
    collaboration = "SINDRUM II",
    title = "{A Search for muon to electron conversion in muonic gold}",
    doi = "10.1140/epjc/s2006-02582-x",
    journal = "Eur. Phys. J. C",
    volume = "47",
    pages = "337--346",
    year = "2006"
}

@Article{art,
author = {{R. Kutschke et al.}},
title = {{Common Offline Documentation: \textit{art} Workbook and Users Guide}},
volume = {{Intensity Frontier}}
}

@article{deGouvea,
    author = "de Gouv{\^{e}}a, Andre and Vogel, Petr",
    title = "{Lepton Flavor and Number Conservation, and Physics Beyond the Standard Model}",
    eprint = "1303.4097",
    archivePrefix = "arXiv",
    primaryClass = "hep-ph",
    doi = "10.1016/j.ppnp.2013.03.006",
    journal = "Prog. Part. Nucl. Phys.",
    volume = "71",
    pages = "75--92",
    year = "2013"
}

@article{Czarnecki,
    author = "Czarnecki, Andrzej and Garcia i Tormo, Xavier and Marciano, William J.",
    title = "{Muon decay in orbit: spectrum of high-energy electrons}",
    eprint = "1106.4756",
    archivePrefix = "arXiv",
    primaryClass = "hep-ph",
    reportNumber = "ALBERTA-THY-08-11",
    doi = "10.1103/PhysRevD.84.013006",
    journal = "Phys. Rev. D",
    volume = "84",
    pages = "013006",
    year = "2011"
}

@article{Czarnecki2015,
    author = "Szafron, Robert and Czarnecki, Andrzej",
    title = "{High-energy electrons from the muon decay in orbit: radiative corrections}",
    eprint = "1505.05237",
    archivePrefix = "arXiv",
    primaryClass = "hep-ph",
    reportNumber = "ALBERTA-THY-8-15, FERMILAB-PUB-15-205-PPD",
    doi = "10.1016/j.physletb.2015.12.008",
    journal = "Phys. Lett. B",
    volume = "753",
    pages = "61--64",
    year = "2016"
}

@article{MEG,
    author = "Baldini, A.M. and others",
    collaboration = "MEG",
    title = "{Search for the lepton flavour violating decay $\mu ^+ \rightarrow \mathrm {e}^+ \gamma $ with the full dataset of the MEG experiment}",
    eprint = "1605.05081",
    archivePrefix = "arXiv",
    primaryClass = "hep-ex",
    doi = "10.1140/epjc/s10052-016-4271-x",
    journal = "Eur. Phys. J. C",
    volume = "76",
    number = "8",
    pages = "434",
    year = "2016"
}

@article{MEG_upgrade,
    author = "Baldini, A.M. and others",
    title = "{MEG Upgrade Proposal}",
    eprint = "1301.7225",
    archivePrefix = "arXiv",
    primaryClass = "physics.ins-det",
    month = "1",
    year = "2013"
}

@article{MEG_II,
    author = "Baldini, A.M. and others",
    collaboration = "MEG II",
    title = "{The design of the MEG II experiment}",
    eprint = "1801.04688",
    archivePrefix = "arXiv",
    primaryClass = "physics.ins-det",
    doi = "10.1140/epjc/s10052-018-5845-6",
    journal = "Eur. Phys. J. C",
    volume = "78",
    number = "5",
    pages = "380",
    year = "2018"
}

@article{Baldini:2019,
    author = "Baldini, A. and others",
    collaboration = "Mu2e",
    title = "{Charged Lepton Flavour Violation using Intense Muon Beams at Future Facilities}",
    reportNumber = "FERMILAB-FN-1064",
    doi = "10.2172/1568845",
    month = "9",
    year = "2019"
}

@phdthesis{Chiappini,
    author = "Chiappini, Marco",
    title = "{The construction and commissioning of the ultra low mass MEG II drift chamber for the search of the $\mu^+\to e^+\gamma$ decay at branching ratios below 10$^{-13}$}",
    school = "Pisa U.",
    year = "2019"
}

@article{Mu3e:2013,
    author = "Blondel, A. and others",
    title = "{Research Proposal for an Experiment to Search for the Decay $\mu \to eee$}",
    eprint = "1301.6113",
    archivePrefix = "arXiv",
    primaryClass = "physics.ins-det",
    month = "1",
    year = "2013"
}

@article{Mu3e:2014,
    author = "Berger, Niklaus",
    editor = "Grancagnolo, Francesco and Panareo, Marco",
    collaboration = "Mu3e",
    title = "{The Mu3e Experiment}",
    doi = "10.1016/j.nuclphysbps.2014.02.007",
    journal = "Nucl. Phys. B Proc. Suppl.",
    volume = "248-250",
    pages = "35--40",
    year = "2014"
}

@article{Mu3e:2016,
    author = "Perrevoort, Ann-Kathrin",
    editor = "D'Ambrosio, G. and Iacovacci, M. and Passera, M. and Venanzoni, G. and Massarotti, P. and Mastroianni, S.",
    collaboration = "Mu3e",
    title = "{Status of the Mu3e Experiment at PSI}",
    eprint = "1605.02906",
    archivePrefix = "arXiv",
    primaryClass = "physics.ins-det",
    doi = "10.1051/epjconf/201611801028",
    journal = "EPJ Web Conf.",
    volume = "118",
    pages = "01028",
    year = "2016"
}

@Article{COMET_2007,
    author = {{D. Bryman et al. }},
    title = {{An Experimental Search for Lepton FlavorViolating [...] }},
    volume = {{}},
}

@article{COMET_2009,
    author = "Cui, Y.G. and others",
    collaboration = "COMET",
    title = "{Conceptual design report for experimental search for lepton flavor violating mu- - e- conversion at sensitivity of 10**(-16) with a slow-extracted bunched proton beam (COMET)}",
    reportNumber = "KEK-2009-10",
    month = "6",
    year = "2009"
}

@Article{COMET_2012,
    author = {{R. Akhmetshin et al.}},
    title = {{Letter of Intent for Phase-I of the COMET Experiment at J-PARC}},
    url={http://192.153.106.200/researcher/Hadron/en/pac_1203/pdf/COMET-PhaseI-LoI.pdf},
}

@Article{COMET_2012_2,
    author = {{R. Akhmetshin et al.}},
    title = {{Experimental Proposal for Phase-I of the COMET Experiment at J-PARC.}},
    url={https://j-parc.jp/researcher/Hadron/en/pac_1207/pdf/E21_2012-10.pdf},
}


@Article{Akers,
    author = {{R. Akers et al.}},
    title = {{A Search for lepton flavor violating $Z^0$ decays}},
    volume = {{Z. Phys. C 67 (1995)}},
}

%%% "Inspire" da qui in giù

@article{Papa,
    author = "Papa, Angela",
    editor = "D'Ambrosio, G. and Iacovacci, M. and Mastroianni, S. and Passera, M. and Venanzoni, G.",
	collaboration = "MEG II, Mu3e",    
    title = "{Towards a new generation of Charged Lepton Flavour Violation searches at the Paul Scherrer Institut: The MEG upgrade and the Mu3e experiment}",
    doi = "10.1051/epjconf/202023401011",
    journal = "EPJ Web Conf.",
    volume = "234",
    pages = "01011",
    year = "2020"
}

@article{Bertl,
    author = "Bertl, Wilhelm H. and others",
    collaboration = "SINDRUM II",
    title = "{A Search for muon to electron conversion in muonic gold}",
    doi = "10.1140/epjc/s2006-02582-x",
    journal = "Eur. Phys. J. C",
    volume = "47",
    pages = "337--346",
    year = "2006"
}


@article{Willmann,
    author = "Willmann, L. and others",
    title = "{New bounds from searching for muonium to anti-muonium conversion}",
    eprint = "hep-ex/9807011",
    archivePrefix = "arXiv",
    reportNumber = "UHD-PI-MY-9812",
    doi = "10.1103/PhysRevLett.82.49",
    journal = "Phys. Rev. Lett.",
    volume = "82",
    pages = "49--52",
    year = "1999"
}


@article{Aubert,
  title = {Searches for Lepton Flavor Violation in the Decays $\tau^\pm\rightarrow e\pm\gamma$ and $\tau^\pm\rightarrow\mu^\pm\gamma$},
  author = {Aubert, B. and Karyotakis, Y. and others},
  collaboration = {BABAR Collaboration},
  journal = {Phys. Rev. Lett.},
  volume = {104},
  issue = {2},
  pages = {021802},
  numpages = {7},
  year = {2010},
  month = {Jan},
  publisher = {American Physical Society},
  doi = {10.1103/PhysRevLett.104.021802},
  url = {https://link.aps.org/doi/10.1103/PhysRevLett.104.021802}
}

@article{Hayasaka,
    author = "Hayasaka, K. and others",
    title = "{Search for Lepton Flavor Violating Tau Decays into Three Leptons with 719 Million Produced Tau+Tau- Pairs}",
    eprint = "1001.3221",
    archivePrefix = "arXiv",
    primaryClass = "hep-ex",
    doi = "10.1016/j.physletb.2010.03.037",
    journal = "Phys. Lett. B",
    volume = "687",
    pages = "139--143",
    year = "2010"
}

@article{Abouzaid,
    author = "Abouzaid, E. and others",
    collaboration = "KTeV",
    title = "{Search for lepton flavor violating decays of the neutral kaon}",
    eprint = "0711.3472",
    archivePrefix = "arXiv",
    primaryClass = "hep-ex",
    reportNumber = "FERMILAB-PUB-07-646-E",
    doi = "10.1103/PhysRevLett.100.131803",
    journal = "Phys. Rev. Lett.",
    volume = "100",
    pages = "131803",
    year = "2008"
}

@article{Ambrose,
    author = "Ambrose, D. and others",
    collaboration = "BNL",
    title = "{New limit on muon and electron lepton number violation from K0(L) ---> mu+- e-+ decay}",
    eprint = "hep-ex/9811038",
    archivePrefix = "arXiv",
    doi = "10.1103/PhysRevLett.81.5734",
    journal = "Phys. Rev. Lett.",
    volume = "81",
    pages = "5734--5737",
    year = "1998"
}

@article{Sher,
    author = "Sher, Aleksey and others",
    title = "{An Improved upper limit on the decay K+ ---> pi+ mu+ e-}",
    eprint = "hep-ex/0502020",
    archivePrefix = "arXiv",
    doi = "10.1103/PhysRevD.72.012005",
    journal = "Phys. Rev. D",
    volume = "72",
    pages = "012005",
    year = "2005"
}

@article{Aad,
    author = "Aad, Georges and others",
    collaboration = "ATLAS",
    title = "{Search for the lepton flavor violating decay Z$\rightarrow$e$\mu$ in pp collisions at $\sqrt{s}$  TeV with the ATLAS detector}",
    eprint = "1408.5774",
    archivePrefix = "arXiv",
    primaryClass = "hep-ex",
    reportNumber = "CERN-PH-EP-2014-195",
    doi = "10.1103/PhysRevD.90.072010",
    journal = "Phys. Rev. D",
    volume = "90",
    number = "7",
    pages = "072010",
    year = "2014"
}


@article{COMET,
title = "Search for Muon to Electron Conversion at J-PARC: The COMET Experiment",
journal = "Nuclear and Particle Physics Proceedings",
volume = "287-288",
pages = "173 - 176",
year = "2017",
note = "The 14th International Workshop on Tau Lepton Physics",
issn = "2405-6014",
doi = "https://doi.org/10.1016/j.nuclphysbps.2017.03.070",
url = "http://www.sciencedirect.com/science/article/pii/S2405601417301396",
author = "Chen Wu",
}

@article{COMET_I,
    author = "Abramishvili, R. and others",
    collaboration = "COMET",
    title = "{COMET Phase-I Technical Design Report}",
    eprint = "1812.09018",
    archivePrefix = "arXiv",
    primaryClass = "physics.ins-det",
    doi = "10.1093/ptep/ptz125",
    journal = "PTEP",
    volume = "2020",
    number = "3",
    pages = "033C01",
    year = "2020"
}


@article{Crystalbox:1984,
    author = "Hallin, A.L. and others",
    editor = "Mischke, Richard E.",
    title = "{Los Alamos Crystal Box experiment: a search for $\mu \rightarrow e\gamma$, $\mu \rightarrow e\gamma\gamma$, and $\mu \rightarrow e e e$}",
    reportNumber = "LA-UR-84-2130, CONF-8405193-34",
    doi = "10.1063/1.34893",
    journal = "AIP Conf. Proc.",
    volume = "123",
    pages = "477--483",
    year = "1984"
}
@article{Crystalbox:1988,
    author = "Bolton, R.D. and others",
    title = "{Search for Rare Muon Decays with the Crystal Box Detector}",
    reportNumber = "LA-UR-88-392",
    doi = "10.1103/PhysRevD.38.2077",
    journal = "Phys. Rev. D",
    volume = "38",
    pages = "2077",
    year = "1988"
}

@article{MEGA:1999,
    author = "Brooks, M.L. and others",
    collaboration = "MEGA",
    title = "{New limit for the family number nonconserving decay mu+ ---> e+ gamma}",
    eprint = "hep-ex/9905013",
    archivePrefix = "arXiv",
    reportNumber = "LA-UR-99-2268",
    doi = "10.1103/PhysRevLett.83.1521",
    journal = "Phys. Rev. Lett.",
    volume = "83",
    pages = "1521--1524",
    year = "1999"
}

@article{MEGA:2002,
    author = "Ahmed, M. and others",
    collaboration = "MEGA",
    title = "{Search for the lepton family number nonconserving decay mu+ ---> e+ gamma}",
    eprint = "hep-ex/0111030",
    archivePrefix = "arXiv",
    doi = "10.1103/PhysRevD.65.112002",
    journal = "Phys. Rev. D",
    volume = "65",
    pages = "112002",
    year = "2002"
}

@article{HARP,
    author = "Catanesi, M.G. and others",
    collaboration = "HARP",
    title = "{Large-angle production of charged pions with 3-12.9-GeV/c incident protons on nuclear targets}",
    eprint = "0805.2871",
    archivePrefix = "arXiv",
    primaryClass = "hep-ex",
    doi = "10.1103/PhysRevC.77.055207",
    journal = "Phys. Rev. C",
    volume = "77",
    pages = "055207",
    year = "2008"
}

@article{DeeMe,
    author = "Teshima, Natsuki",
    collaboration = "DeeMe",
    title = "{DeeMe experiment to search for muon to electron conversion at J-PARC MLF}",
    doi = "10.22323/1.295.0109",
    journal = "PoS",
    volume = "NuFact2017",
    pages = "109",
    year = "2018"
}

@article{TWIST:2015,
    author = "Bayes, R. and others",
    collaboration = "TWIST",
    title = "{Search for two body muon decay signals}",
    eprint = "1409.0638",
    archivePrefix = "arXiv",
    primaryClass = "hep-ex",
    doi = "10.1103/PhysRevD.91.052020",
    journal = "Phys. Rev. D",
    volume = "91",
    number = "5",
    pages = "052020",
    year = "2015"
}

@phdthesis{Edmonds:2015,
    author = "Edmonds, Andrew Williams John",
    title = "{An Estimate of the Hadron Production Uncertainty and a Measurement of the Rate of Proton Emission after Nuclear Muon Capture for the COMET Experiment}",
    school = "U. Coll. London",
    year = "2015"
}

@article{Lifshitz,
  title = {Charged-Particle Emission Following Muon Capture in Complex Nuclei},
  author = {Lifshitz, Mordehai and Singer, Paul},
  journal = {Phys. Rev. Lett.},
  volume = {41},
  issue = {1},
  pages = {18--21},
  numpages = {0},
  year = {1978},
  month = {Jul},
  publisher = {American Physical Society},
  doi = {10.1103/PhysRevLett.41.18},
  url = {https://link.aps.org/doi/10.1103/PhysRevLett.41.18}
}

@article{Hungerford,
    author = "Hungerford, V.",
    title = "{Comments on Proton Emission after Muon Capture}",
    eprint = "1803.08403",
    archivePrefix = "arXiv",
    primaryClass = "nucl-ex",
    reportNumber = "Meco 34, MECO-34",
    month = "3",
    year = "2018"
}

@article{Sobottka,
    author = "Sobottka, Stanley E. and Wills, Edward L.",
    title = {{Energy Spectrum of Charged Particles Emitted Following Muon Capture in Si$^{28}$ }},
    doi = "10.1103/PhysRevLett.20.596",
    journal = "Phys. Rev. Lett.",
    volume = "20",
    number = "12",
    pages = "596",
    year = "1968"
}

@article{IDS:2016,
author = {Lund, Morten and Andreyev, Andrei and Borge, M. and others},
year = {2016},
month = {10},
pages = {304},
title = {{Beta-delayed proton emission from 20Mg}},
volume = {52},
journal = {The European Physical Journal A},
collaboration = "IDS",
doi = {10.1140/epja/i2016-16304-x}
}

@Article{io:sobottka,
	author = "Vitali, Bastiano",
	title = "{An attempt to understand the 1.4 MeV dip in Sobottka-Wills measurement}",
	collaboration = "Mu2e",
	journal = "Mu2e-doc-32464-v2",
	year = "2020",
}

@Article{io:comparison,
	author = "Vitali, Bastiano",
	title = "{Proton and deuteron spectra: Update on the proposal}",
	collaboration = "Mu2e",
	journal = "Mu2e-doc-32582-v1",
	year = "2020",
}

@Article{Pasha:spectra,
	author = "Murat, Pavel",
	title = "{New AlCap and TWIST results on P/D yields in muon capture on Al and why do we need the IPA}",
	journal = {Mu2e-doc-31745-v1},
	collaboration = "Mu2e",
	year = "2020",}

@inproceedings{AlCap:2015,
    author = "Krikler, Benjamin Edward",
    collaboration = "AlCap",
    title = "{Update on the AlCap Experiment}",
    booktitle = "{17th International Workshop on Neutrino Factories and Future Neutrino Facilities}",
    pages = "408--417",
    year = "2015"
}

@inproceedings{AlCap:2018,
    author = "Edmonds, Andrew",
    title = "{Latest Updates from the AlCap Experiment}",
    booktitle = "{13th Conference on the Intersections of Particle and Nuclear Physics}",
    eprint = "1809.10122",
    archivePrefix = "arXiv",
    primaryClass = "physics.ins-det",
    reportNumber = "CIPANP2018-Edmonds",
    month = "9",
    year = "2018"
}

@Article{AlCap:2020,
    author = "Quirk, John",
    collaboration = "AlCap, Mu2e",
    title = "{Recent results from the AlCap experiment}",
   	journal = "Mu2e-doc-31215-v1", 
   	month = "1",
    year = "2020"
}

@Article{Giovanni:2020,
author = "DeFelice. G.",
title = "Update on the SU2020 pbar simulation
",
collaboration = "Mu2e",
journal ={Mu2e-doc-35056-v1},
month = "September",
year = "2020",
}

@inproceedings{ESME,
    author = "MacLachlan, J.A.",
    title = "{Particle tracking in E - phi space for synchrotron design and diagnosis}",
    booktitle = "{12th International Conference on the Application of Accelerators in Research and Industry}",
    reportNumber = "FERMILAB-CONF-92-333",
    month = "11",
    year = "1992"
}

@article{G4beamline,
    author = "Roberts, T.J. and Beard, K.B. and Ahmed, S. and Huang, D. and Kaplan, D.M.",
    editor = "Satogata, Todd and Brown, Kevin",
    title = "{G4beamline Particle Tracking in Matter Dominated Beam Lines}",
    reportNumber = "PAC-2011-MOP152",
    journal = "Conf. Proc. C",
    volume = "110328",
    pages = "373--375",
    year = "2011"
}

@Article{SpillSim,
author = {Steve Werkema},
title = {Spill Simulation},
collaboration = "Mu2e",
journal = {{Mu2e-doc-33344-v3}},
month = {June},
year = {2020},
}

@Article{BeamStruct,
author = {Steve Werkema},
title = {Mu2e Proton Beam
Longitudinal
Structure},
collaboration = "Mu2e",
journal = {{Mu2e-doc-2771-v12}},
month = {February},
year = {2019},
}

@Article{BeamRequirements,
author = "Bernstein, R.H. and Werkema, S.J.",
collaboration = "Mu2e",
title = {Mu2e Proton Beam Requirements},
journal = {{Mu2e-doc-1105}},
year = "2016",
}


@Article{Extraction,
author = "Jones, Matthew",
title = {{The Mu2e Experiment: Beam
Delivery and Extinction}},
collaboration = "Mu2e",
journal = {Mu2e-doc-34548-v2},
year = "2020",
}


@Article{Pushka_Hayman2,
author = {Dave Pushka},
collaboration = "Mu2e",
title = {CRR Review of Hayman2 Target for Mu2e},
journal = {{Mu2e-doc-30814-v2}},
month = {January},
year = {2020},
}

@Article{bob_Hayman2,
author = "Bernstein, R.H.",
collaboration = "Mu2e",
title = {Hayman 2.0 in the Offline},
journal = {{Mu2e-doc-30111-v3}},
month = {November},
year = {2019},
}

@Article{stopping_target,
author = "J. Miller, S. Krave",
collaboration = "Mu2e",
title = {Muon Stopping Target},
journal = {{Mu2e-doc-1437-v7}},
month = {June},
year = {2019}
}



@article{PS,
    author = "Kashikhin, V.V. and Ambrosio, G. and others",
    editor = "Gourlay, Steve and Sabbi, Gian Luca and Cooley, Lance",
    collaboration = "mu2e",
    title = "{Conceptual Design of the Mu2e Production Solenoid}",
    reportNumber = "FERMILAB-CONF-12-544-TD",
    doi = "10.1109/TASC.2012.2232341",
    journal = "IEEE Trans. Appl. Supercond.",
    volume = "23",
    number = "3",
    pages = "4100604",
    year = "2013"
}

@article{TS,
    author = "Ambrosio, G. and others",
    editor = "Strauss, Bruce",
    title = "{Challenges and Design of the Transport Solenoid for the Mu2e Experiment at Fermilab.}",
    reportNumber = "FERMILAB-PUB-13-274-TD",
    doi = "10.1109/TASC.2013.2287053",
    journal = "IEEE Trans. Appl. Supercond.",
    volume = "24",
    number = "3",
    pages = "4101405",
    year = "2014"
}

@Article{PbarWindow,
author = "Murat, P.",
title = "Optimization of TS1/TS3 pbar absorbers",
collaboration = "Mu2e",
journal = {Mu2e-doc-33410-v4},
month = "6",
year = "2020",
}


@article{DS,
    author = "Feher, S and others",
    editor = "Strauss, Bruce",
    collaboration = "Mu2e",
    title = "{Reference Design of the Mu2e Detector Solenoid}",
    reportNumber = "FERMILAB-PUB-13-399-TD",
    doi = "10.1109/TASC.2013.2283727",
    journal = "IEEE Trans. Appl. Supercond.",
    volume = "24",
    number = "3",
    pages = "4500304",
    year = "2014"
}

@article{Giovannella,
    author = "Giovannella, S.",
    editor = "Nessi, Marzio",
    collaboration = "Mu2e",
    title = "{The Detectors of the Mu2e Experiment}",
    eprint = "2002.03643",
    archivePrefix = "arXiv",
    primaryClass = "physics.ins-det",
    reportNumber = "FERMILAB-CONF-20-079-E",
    doi = "10.1088/1748-0221/15/06/C06022",
    journal = "JINST",
    volume = "15",
    number = "06",
    pages = "C06022",
    year = "2020"
}

@article{MultiwireDrift,
    author = "Sauli, F.",
    title = "{Principles of Operation of Multiwire Proportional and Drift Chambers}",
    reportNumber = "CERN-77-09",
    doi = "10.5170/CERN-1977-009",
    month = "5",
    year = "1977"
}

@article{Tracker:2016,
title = "The Straw-tube Tracker for the Mu2e Experiment",
journal = "Nuclear and Particle Physics Proceedings",
volume = "273-275",
pages = "2530 - 2532",
year = "2016",
note = "37th International Conference on High Energy Physics (ICHEP)",
issn = "2405-6014",
doi = "https://doi.org/10.1016/j.nuclphysbps.2015.09.448",
url = "http://www.sciencedirect.com/science/article/pii/S2405601415009372",
author = "MyeongJae Lee",
keywords = "Mu2e, Straw detector",
}

@article{Tracker:2018,
    author = "Pezzullo, Gianantonio",
    collaboration = "Mu2e",
    title = "{The Mu2e Tracker}",
    doi = "10.22323/1.340.0542",
    journal = "PoS",
    volume = "ICHEP2018",
    pages = "542",
    year = "2019"
}

@article{Calorimeter:2018,
    author = "Atanov, N. and others",
    title = "{Design and Status of the Mu2e Crystal Calorimeter}",
    eprint = "1802.06346",
    archivePrefix = "arXiv",
    primaryClass = "physics.ins-det",
    reportNumber = "FERMILAB-PUB-18-049-PPD",
    doi = "10.1109/TNS.2018.2790702",
    journal = "IEEE Trans. Nucl. Sci.",
    volume = "65",
    number = "8",
    pages = "2073--2080",
    year = "2018"
}

@article{CalorimeterFinal,
    author = "Atanov, N. and others",
    title = "{The Mu2e Calorimeter Final Technical Design Report}",
    eprint = "1802.06341",
    archivePrefix = "arXiv",
    primaryClass = "physics.ins-det",
    reportNumber = "FERMILAB-DESIGN-2018-01",
    month = "2",
    year = "2018"
}

@phdthesis{Donghia:2019,
    author = "Donghia, Raffaella",
    title = "{The Mu2e calorimeter: R\&D and calibration strategies}",
    school = "Rome U.",
    year = "2019"
}

@Article{Calorimeter:2020,
author = {{R. Donghia}},
title= "Final design of the Mu2e
crystal calorimeter",
collaboration = "Mu2e",
journal = {{Mu2e-doc-32713-v14}},
month = "February",
year = "2020",
}

@inproceedings{CRV:2019,
    author = "Woodward, Hannah",
    title = "{Fabrication of a Cosmic Ray Veto System for the Mu2e Experiment}",
    booktitle = "{Meeting of the Division of Particles and Fields of the American Physical Society}",
    eprint = "1910.00690",
    archivePrefix = "arXiv",
    primaryClass = "physics.ins-det",
    month = "10",
    year = "2019"
}

@Article{TDAQ,
author = "Robert, K. K. and Bertrand, E.",
title = {Mu2e TDAQ and DPC Preliminary
Operations Plans},
journal={Mu2e-doc-db-32842-v5},
month = "5",
year = "2020",
}
@Article{CalCluster,
author = {{B. Echenard}},
collaboration = "Mu2e",
title = {{Calorimeter software status}},
journal = {{Mu2e-doc-33812-v1}},
month = "6",
year = "2020",
}

@Article{CalCluster_2,
author = {{B. Echenard}},
collaboration = "Mu2e",
title = {{Calorimeter software update}},
journal = {{Mu2e-doc-34404-v3}},
month = "7",
year = "2020",
}

@inproceedings{GianiPatRec:2016,
    author = "Pezzullo, G. and Murat, P.",
    title = "{The calorimeter-seeded track reconstruction for the Mu2e experiment at Fermilab}",
    booktitle = "{2015 IEEE Nuclear Science Symposium and Medical Imaging Conference}",
    doi = "10.1109/NSSMIC.2015.7581921",
    pages = "7581921",
    year = "2016"
}

@Article{GianiPatRec:2020,
author = "Gianantonio Pezzullo",
collaboration = "Mu2e",
title = {The Track finder algorithm for the Trigger System of the Mu2e experiment at Fermilab},
jurnal = "CTD2020",
url = "https://indi.to/TD4cz",
month = {April},
year = {2020},
}

@article{Brown:2014,
title = "Mu2e: a Muon to Electron Conversion Experiment at Fermilab",
journal = "Nuclear Physics B - Proceedings Supplements",
volume = "248-250",
pages = "41 - 46",
year = "2014",
note = "1st Conference on Charged Lepton Flavor Violation",
issn = "0920-5632",
doi = "https://doi.org/10.1016/j.nuclphysbps.2014.02.008",
url = "http://www.sciencedirect.com/science/article/pii/S0920563214000097",
author = "David Brown",
keywords = "Muon Electron Conversion Charged Lepton Flavor Violation",
}

@Article{Kalman,
author = {{D. N. Brown , E. A. Charles , D. A. Roberts}},
collaboration = "Mu2e",
title = {{The BaBar Track Fitting Algorithm}},
}

@article{Kalman:1984,
title = "Track fitting with multiple scattering: A new method",
journal = "Nuclear Instruments and Methods in Physics Research",
volume = "225",
number = "2",
pages = "352 - 366",
year = "1984",
issn = "0167-5087",
doi = "https://doi.org/10.1016/0167-5087(84)90274-6",
url = "http://www.sciencedirect.com/science/article/pii/0167508784902746",
author = "Pierre Billoir",
}

@article{Kalman:1987,
    author = "Fruhwirth, R.",
    title = "{Application of Kalman filtering to track and vertex fitting}",
    reportNumber = "HEPHY-PUB-87-503",
    doi = "10.1016/0168-9002(87)90887-4",
    journal = "Nucl. Instrum. Meth. A",
    volume = "262",
    pages = "444--450",
    year = "1987"
}

@Article{Kutschke,
author = "Robert K. Kutschke",
journal = {{Mu2e-doc-557-v2}},
collaboration = "Mu2e",
month = "June",
year = "2009"
}
@Article{KutschkePaper,
author = "Robert K. Kutschke",
title = "Example of a Kalman filter n a straight line",
month = "March",
year = "1998",
url = {{https://home.fnal.gov/~kutschke/Tracking/kalman_simple.pdf}},
}

@misc{FNAL,
  title = {Fermilab},
  howpublished = {\url{https://www.fnal.gov/pub/science/particle-accelerators/accelerator-complex.html}},
}